@book{bekey,
	Date-Added = {2010-07-30 21:53:33 -0700},
	Date-Modified = {2010-07-30 21:54:24 -0700},
	Month = {June},
	Publisher = {The MIT Press},
	Title = {Autonomous Robots: From Biological Inspiration to Implementation and Control},
	Year = {2005}}

@article{willow,
	Date-Added = {2010-07-30 21:42:03 -0700},
	Date-Modified = {2010-07-30 21:45:33 -0700},
	Lastchecked = {30 Jul 2010},
	Title = {Willow Garage - Website},
	Url = {http://www.willowgarage.com/pages/about-us}}

@webpage{chirikjian2,
	Author = {Suthakorn, Zhou, Chirikjian},
	Date-Added = {2010-07-30 21:39:50 -0700},
	Date-Modified = {2010-07-30 21:40:25 -0700},
	Lastchecked = {30 Jul 2010},
	Title = {Self-Replicating Robots for Space Utilization},
	Url = {http://custer.lcsr.jhu.edu/wiki/images/c/cf/Suthakorn02_b.pdf}}

@webpage{chirikjian,
	Author = {Chirikjian, Suthakorn},
	Date-Added = {2010-07-30 21:36:44 -0700},
	Date-Modified = {2010-07-30 21:38:11 -0700},
	Lastchecked = {30 Jul 2010},
	Title = {Toward Self-Replicating Robots},
	Url = {http://custer.lcsr.jhu.edu/wiki/images/f/ff/Chirikjian02.pdf}}

@article{goertzel,
	Author = {Ben Boertzel},
	Date-Added = {2010-07-30 21:33:50 -0700},
	Date-Modified = {2010-07-30 21:34:06 -0700},
	Title = {Personal Webpage},
	Url = {http://www.goertzel.org/}}

@webpage{mmp,
	Date-Added = {2010-07-30 21:32:27 -0700},
	Date-Modified = {2010-07-30 21:32:45 -0700},
	Title = {MIT Mind Machine Project},
	Url = {http://mmp.mit.edu/}}

@webpage{won,
	Author = {Won, DeLaurentis, Marvoidis},
	Booktitle = {Proceedings of the 2000 IEEE International Conference on Robotics and Automation},
	Date-Added = {2010-07-30 21:28:11 -0700},
	Date-Modified = {2010-07-30 21:29:02 -0700},
	Month = {April},
	Title = {Rapid Prototyping of Robotic Systems},
	Url = {http://www.cs.cmu.edu/~reshko/Publications/prototyping.pdf},
	Year = {2000}}

@article{reshko,
	Author = {Reshko, Mason, Nourbakhsh},
	Date-Added = {2010-07-30 21:26:46 -0700},
	Date-Modified = {2010-07-30 21:27:40 -0700},
	Title = {Rapid Prototyping of Small Robots},
	Url = {http://www.cs.cmu.edu/~reshko/Publications/prototyping.pdf},
	Year = {2000}}

@webpage{golem,
	Author = {Jordan B. Pollack},
	Date-Added = {2010-07-30 21:23:54 -0700},
	Date-Modified = {2010-07-30 21:24:32 -0700},
	Title = {The Golem Project},
	Url = {http://www.demo.cs.brandeis.edu/golem/fabrication.html},
	Year = {2000}}

@electronic{fabathome,
	Author = {Dan Cohen},
	Date-Added = {2010-07-30 21:18:21 -0700},
	Date-Modified = {2010-07-30 21:21:12 -0700},
	Lastchecked = {30 Jul 2010},
	Month = {October},
	Title = {Four-Legged Robot Printed on Fab@Home},
	Url = {http://fabathomebeta.mae.cornell.edu/?q=node/77},
	Year = {2009}}

@article{sonter,
	Author = {MJ. Sonter},
	Date-Added = {2010-07-29 15:28:33 -0700},
	Date-Modified = {2010-07-29 15:29:06 -0700},
	Journal = {Solar System Development Journal},
	Number = {1},
	Pages = {1-31},
	Title = {Near Earth Objects as Resources for Space Industrialization},
	Volume = {1},
	Year = {2001}}

@article{gerlach,
	Author = {Charles L. Gerlach},
	Date-Added = {2010-07-29 15:20:50 -0700},
	Date-Modified = {2010-07-29 15:21:37 -0700},
	Journal = {International Space Development Conference},
	Title = {Profitably Exploiting Near-Earth Object Resources},
	Year = {2005}}

@webpage{gordon,
	Author = {R.B. Gordon},
	Date-Added = {2010-07-28 16:15:40 -0700},
	Date-Modified = {2010-07-29 15:30:32 -0700},
	Journal = {Proceedings of the National Academy of Sciences},
	Lastchecked = {23 July 2010},
	Month = {January},
	Title = {Metal Stocks and Sustainability},
	Url = {http://www.pnas.org/content/103/5/1209.long},
	Year = {2006},
	Bdsk-Url-1 = {http://www.pnas.org/content/103/5/1209.long}}
