@inproceedings{Kare2006,
author = {Kare, Jordin T. and Parkin, Kevin L. G.},
booktitle = {AIP Proceedings on the Fourth International Symposium on Beamed Energy Propulsion},
pages = {388--399},
title = {{A Comparison of Laser and Microwave Approaches to CW Beamed Energy Launch}},
year = {2006}
}
@article{Jones2007,
author = {Jones, H and Yeoman, K and Cockell, C},
doi = {10.1016/j.spacepol.2006.11.013},
file = {::},
issn = {02659646},
journal = {Space Policy},
keywords = {Awareness,Education,Outreach},
mendeley-tags = {Awareness,Education,Outreach},
month = feb,
number = {1},
pages = {20--23},
title = {{A pilot survey of attitudes to space sciences and exploration among British school children}},
url = {http://linkinghub.elsevier.com/retrieve/pii/S0265964606001093},
volume = {23},
year = {2007}
}
@article{Chang2010,
author = {Chang, Chun-Chieh and Sharma, Yagya D. and Kim, Yong-Sung and Bur, Jim A. and Shenoi, Rajeev V. and Krishna, Sanjay and Huang, Danhong and Lin, Shawn-Yu},
journal = {Nano Letters},
keywords = {Nanotechnology,Sensing},
mendeley-tags = {Nanotechnology,Sensing},
number = {5},
pages = {1704--1709},
title = {{A Surface Plasmon Enhanced Infrared Photodetector Based on InAs Quantum Dots}},
url = {http://pubs.acs.org/doi/abs/10.1021/nl100081j},
volume = {10},
year = {2010}
}
@misc{Tamamoto,
author = {Tamamoto, Michael A.M.},
keywords = {Antennas,Cubesat,Satellite},
mendeley-tags = {Antennas,Cubesat,Satellite},
title = {{Active Antennas and UHF Antennas for Cubesat applications}}
}
@article{DeCharms2008,
author = {DeCharms, R. Christopher},
journal = {Nature Reviews Neuroscience },
pages = {720--729},
title = {{Applications of real-time fMRI }},
volume = {9},
year = {2008}
}
@article{Broniatowski2008,
author = {Broniatowski, D and Weigel, A},
doi = {10.1016/j.actaastro.2008.04.006},
file = {::},
issn = {00945765},
journal = {Acta Astronautica},
keywords = {Policy,Political Sustainability,Systems Design,political sustainability,space exploration,space policy,space system architecture,space system design},
mendeley-tags = {Policy,Political Sustainability,Systems Design},
month = sep,
number = {5-6},
pages = {649--656},
title = {{Articulating the space exploration policy--technology feedback cycle}},
url = {http://linkinghub.elsevier.com/retrieve/pii/S0094576508001495},
volume = {63},
year = {2008}
}
@article{Suppes1997,
author = {Suppes, Patrick and Lu, Zhong-Lin and Han, Bing},
journal = {Proceedings of the National Academy of Sciences of the United States of America},
number = {26},
pages = {14965--14969},
title = {{Brain wave recognition of words}},
volume = {94},
year = {1997}
}
@article{Finarelli2007,
author = {Finarelli, P and Pryke, I},
doi = {10.1016/j.spacepol.2006.11.001},
file = {::},
issn = {02659646},
journal = {Space Policy},
month = feb,
number = {1},
pages = {13--19},
title = {{Building and maintaining the constituency for long-term space exploration☆}},
url = {http://linkinghub.elsevier.com/retrieve/pii/S0265964606001111},
volume = {23},
year = {2007}
}
@article{Ehrenfreund2010,
author = {Ehrenfreund, P. and Peter, N. and Billings, L.},
doi = {10.1016/j.actaastro.2010.03.002},
file = {::},
issn = {00945765},
journal = {Acta Astronautica},
keywords = {Branding,Cultural dimension,Education,International cooperation,Market research,Outreach,Participatory communication,Policy,Public awareness,Space exploration},
mendeley-tags = {Education,Outreach,Policy},
month = aug,
number = {3-4},
pages = {502--512},
publisher = {Elsevier},
title = {{Building long-term constituencies for space exploration: The challenge of raising public awareness and engagement in the United States and in Europe}},
url = {http://linkinghub.elsevier.com/retrieve/pii/S0094576510000822},
volume = {67},
year = {2010}
}
@article{Baum2009,
author = {Baum, Seth D.},
doi = {10.1016/j.spacepol.2009.02.008},
file = {::},
issn = {02659646},
journal = {Space Policy},
month = may,
number = {2},
pages = {75--80},
publisher = {Elsevier Ltd},
title = {{Cost-benefit analysis of space exploration: Some ethical considerations}},
url = {http://linkinghub.elsevier.com/retrieve/pii/S0265964609000198},
volume = {25},
year = {2009}
}
@article{Dupas2007,
author = {Dupas, A and Logsdon, J},
doi = {10.1016/j.spacepol.2006.11.003},
file = {::},
issn = {02659646},
journal = {Space Policy},
month = feb,
number = {1},
pages = {24--28},
title = {{Creating a productive international partnership in the Vision for Space Exploration}},
url = {http://linkinghub.elsevier.com/retrieve/pii/S0265964606001056},
volume = {23},
year = {2007}
}
@article{Salerno1999,
author = {Salerno, L},
doi = {10.1016/S0011-2275(99)00043-0},
file = {::},
issn = {00112275},
journal = {Cryogenics},
keywords = {Cryogenics,Exploration,Mars,b,f,hydrogen,methane,oxygen,space cryogenics},
mendeley-tags = {Cryogenics,Exploration,Mars},
month = apr,
number = {4},
pages = {381--388},
title = {{Cryogenics and the human exploration of Mars}},
url = {http://linkinghub.elsevier.com/retrieve/pii/S0011227599000430},
volume = {39},
year = {1999}
}
@article{Ries-Kautt1997,
author = {Ries-Kautt, M.},
institution = {AIR WAR COLL MAXWELL AFB AL CENTER FOR STRATEGY AND TECHNOLOGY},
journal = {Journal of Crystal Growth},
keywords = {Crystallization,Micrograviy,Proteins},
mendeley-tags = {Crystallization,Micrograviy,Proteins},
number = {1},
pages = {22},
title = {{Crystallogenesis studies in microgravity with the Advanced Protein Crystallization Facility on SpaceHab-01}},
volume = {181},
year = {1997}
}
@inproceedings{Lockwood1995,
author = {Lockwood, G. and Foster, F.},
booktitle = {Proceedings on IEEE Ultrasound Symposium},
keywords = {Arrays,Imaging},
mendeley-tags = {Arrays,Imaging},
pages = {1237--1243},
title = {{Design of sparse array imaging systems}},
year = {1995}
}
@article{Miller2008,
author = {Miller, Mark S. and Keller, Tony S.},
journal = {Acta Astronautica},
keywords = {Cancer,Micrograviy},
mendeley-tags = {Cancer,Micrograviy},
number = {10-11},
pages = {605--616},
title = {{Drosophila melanogaster (fruit fly) locomotion during a sounding rocket flight}},
volume = {62},
year = {2008}
}
@misc{Taminger2006,
address = {Hampton},
author = {Taminger, Karen M. and Hafley, Robert A.},
institution = {NASA Langley Research Center},
keywords = {Nanotechnology},
pages = {19},
title = {{Electron Beam Freeform Fabrication for Cost Effective Near-Net Shape Manufacturing}},
url = {http://ntrs.nasa.gov/search.jsp?R=540654\&id=4\&as=false\&or=false\&qs=Ns\%3DHarvestDate\%257c1\%26N\%3D4294697965},
year = {2006}
}
@article{Cooper2003,
author = {Cooper, L},
doi = {10.1016/S0265-9646(03)00016-X},
file = {::},
issn = {02659646},
journal = {Space Policy},
month = may,
number = {2},
pages = {111--118},
title = {{Encouraging space exploration through a new application of space property rights}},
url = {http://linkinghub.elsevier.com/retrieve/pii/S026596460300016X},
volume = {19},
year = {2003}
}
@article{Billings2006,
author = {Billings, L},
doi = {10.1016/j.spacepol.2006.05.001},
file = {::},
issn = {02659646},
journal = {Space Policy},
month = aug,
number = {3},
pages = {162--164},
title = {{Exploration for the masses? Or joyrides for the ultra-rich? Prospects for space tourism}},
url = {http://linkinghub.elsevier.com/retrieve/pii/S0265964606000440},
volume = {22},
year = {2006}
}
@article{Fisackerly2006,
author = {Fisackerly, R and Reimers, C and Pradier, a},
doi = {10.1016/j.actaastro.2006.02.017},
file = {::},
issn = {00945765},
journal = {Acta Astronautica},
month = jul,
number = {1-5},
pages = {3--12},
title = {{Exploration system technology aspects in the exploration programme of the European Space Agency}},
url = {http://linkinghub.elsevier.com/retrieve/pii/S0094576506001196},
volume = {59},
year = {2006}
}
@misc{Bekey2005,
author = {Bekey, Ivan},
institution = {Nasa Institute for Advanced Concepts (NIAC)},
keywords = {Mapping,Satellite,Swarms,remote sensing},
title = {{Extremely Large Swarm Array of Picosats for Microwave/RF Earth Sensing, Radiometry and Mapping}},
year = {2005}
}
@inproceedings{Jahnichen2008,
address = {Shanghai},
author = {J\"{a}hnichen, Stefan and Brie\ss, Klaus and Burmeister, Rodger},
booktitle = {Autonomous Systems - Self-Organization, Management, and Control},
editor = {Mahr, B. and Sheng, H.},
keywords = {Sensors,Swarms},
mendeley-tags = {Sensors,Swarms},
pages = {71--77},
publisher = {Springer},
title = {{Flying Sensors - Swarms in Space}},
year = {2008}
}
@inproceedings{Ferguson2001,
author = {Ferguson, Philip and How, Jonathan P.},
booktitle = {Proceedings of AIAA Space 2001 Conference},
keywords = {Formation Flying,Swarms},
mendeley-tags = {Formation Flying,Swarms},
title = {{Formation Flying Experiments on the Orion-Emerald Mission}},
year = {2001}
}
@article{Cockell2002,
author = {Cockell, C},
doi = {10.1016/S0265-9646(02)00043-7},
file = {::},
issn = {02659646},
journal = {Space Policy},
keywords = {earth,environmental,expedition,exploration,mars,space},
month = nov,
number = {4},
pages = {301--306},
title = {{Fostering links between environmental and space exploration: the Earth and Space Foundation}},
url = {http://linkinghub.elsevier.com/retrieve/pii/S0265964602000437},
volume = {18},
year = {2002}
}
@article{Hammond1999,
author = {Hammond, T.G. and Lewis, F.C. and Goodwin, T.J. and Linnehan, R.M. and Wolf, D.A. and Hire, K.P. and Campbell, W.C. and Benes, E. and O'Reilly, K.C. and Globus, R.K. and Kaysen, J.H.},
journal = {Nature},
keywords = {Gene Expression},
mendeley-tags = {Gene Expression},
number = {359},
title = {{Gene expression in space}},
volume = {5},
year = {1999}
}
@article{Peter2009,
author = {Peter, Nicolas and Stoffl, Katharina},
doi = {10.1016/j.spacepol.2008.12.009},
file = {::},
issn = {02659646},
journal = {Space Policy},
month = feb,
number = {1},
pages = {29--36},
publisher = {Elsevier Ltd},
title = {{Global space exploration 2025: Europe's perspectives for partnerships}},
url = {http://linkinghub.elsevier.com/retrieve/pii/S0265964608001033},
volume = {25},
year = {2009}
}
@article{MacLeish2010,
author = {MacLeish, Marlene Y. and Thomson, William A.},
doi = {10.1016/j.actaastro.2009.09.030},
file = {::},
issn = {00945765},
journal = {Acta Astronautica},
keywords = {Baylor College of Medicine,Brain in Space,Education,Education and Public Outreach,Global space education curriculum,K-12 space exploration curriculum,Morehouse School of Medicine,Multimedia space education,NASA,NSBRI,Neurolab,Space education,Teacher professional development},
mendeley-tags = {Education},
month = apr,
number = {7-8},
pages = {1285--1290},
publisher = {Elsevier},
title = {{Global visions for space exploration education}},
url = {http://linkinghub.elsevier.com/retrieve/pii/S0094576509004822},
volume = {66},
year = {2010}
}
@article{Birk2003,
author = {Birk, R},
doi = {10.1016/j.rse.2003.07.007},
file = {::},
issn = {00344257},
journal = {Remote Sensing of Environment},
keywords = {Earth Science,Mapping,Remote Sensing,Satellite,commercial remote sensing,digital elevation model,earth science,hyperspectral,ikonos,imagery,lidar,mapping,monitoring,multispectral,orbview-3,quickbird,radar},
mendeley-tags = {Earth Science,Mapping,Remote Sensing,Satellite},
month = nov,
number = {1-2},
pages = {3--16},
title = {{Government programs for research and operational uses of commercial remote sensing data}},
url = {http://linkinghub.elsevier.com/retrieve/pii/S003442570300227X},
volume = {88},
year = {2003}
}
@misc{How2010,
author = {How, Jonathan P.},
booktitle = {MIT},
keywords = {Formation Flying,GPS,Swarms},
mendeley-tags = {Formation Flying,GPS,Swarms},
title = {{GPS Sensing for Formation Flying}},
url = {http://www.mit.edu/people/jhow/ff\_leo.html},
year = {2010}
}
@misc{Gyrotrons2010,
booktitle = {Communications \& Power Industries - Microwave Power Products Division},
title = {{Gyrotrons}},
url = {http://www.cpii.com/product.cfm/1/18},
year = {2010}
}
@article{Kalery2010,
author = {Kalery, Alexander Yu. and Sorokin, Igor V. and Tyurin, Mikhail V.},
doi = {10.1016/j.actaastro.2010.06.009},
file = {::},
issn = {00945765},
journal = {Acta Astronautica},
keywords = {Decision-making,Exploration,Flight control,ISS,Man Machine interation,Man–machine interaction,Process,Spacecraft},
mendeley-tags = {Exploration,ISS,Man Machine interation},
month = jun,
publisher = {Elsevier},
title = {{Human space exploration beyond the international space station: Role of relations of human, machine and the “Earth”☆}},
url = {http://linkinghub.elsevier.com/retrieve/pii/S0094576510002006},
year = {2010}
}
@article{Ellery2003,
author = {Ellery, A},
doi = {10.1016/S0265-9646(03)00014-6},
file = {::},
issn = {02659646},
journal = {Space Policy},
month = may,
number = {2},
pages = {87--91},
title = {{Humans versus robots for space exploration and development}},
url = {http://linkinghub.elsevier.com/retrieve/pii/S0265964603000146},
volume = {19},
year = {2003}
}
@article{Finarelli2006,
author = {Finarelli, P and Pryke, I},
doi = {10.1016/j.spacepol.2005.11.012},
file = {::},
issn = {02659646},
journal = {Space Policy},
month = feb,
number = {1},
pages = {23--28},
title = {{Implementing international co-operation in space exploration}},
url = {http://linkinghub.elsevier.com/retrieve/pii/S0265964605001153},
volume = {22},
year = {2006}
}
@misc{Huntington2007,
address = {Montgomery, AL},
author = {Huntington, Joseph},
institution = {Air Univeristy},
keywords = {Nanotechnology,Satellite},
pages = {22},
title = {{Improving Satellite Protection with Nanotechnology}},
url = {http://www.dtic.mil/cgi-bin/GetTRDoc?AD=ADA474825\&Location=U2\&doc=GetTRDoc.pdf},
year = {2007}
}
@article{Gruntman2004,
author = {Gruntman, M},
doi = {10.1016/j.asr.2003.04.064},
file = {::},
issn = {02731177},
journal = {Advances in Space Research},
keywords = {1,be modest,first step into interstellar,instrumentation,interstellar exploration,interstellar probe mission,interstellar spacecraft,our first step into,s vicinity will necessarily,space,sun,the,the first,the galactic environment in},
number = {1},
pages = {204--212},
title = {{Instrumentation for interstellar exploration}},
url = {http://linkinghub.elsevier.com/retrieve/pii/S0273117704002716},
volume = {34},
year = {2004}
}
@article{Blamont2005,
author = {Blamont, J},
doi = {10.1016/j.spacepol.2005.03.003},
file = {::},
issn = {02659646},
journal = {Space Policy},
month = may,
number = {2},
pages = {89--92},
title = {{International space exploration: Cooperative or competitive?}},
url = {http://linkinghub.elsevier.com/retrieve/pii/S0265964605000238},
volume = {21},
year = {2005}
}
@article{Ridding2007,
author = {Ridding, Michael C. and Rothwell, John C.},
journal = {Nature Reviews Neuroscience},
pages = {559--567},
title = {{Is there a future for therapeutic use of transcranial magnetic stimulation? }},
volume = {8},
year = {2007}
}
@article{Foing2008,
author = {Foing, B and Ehrenfreund, P},
doi = {10.1016/j.asr.2008.03.011},
file = {::},
issn = {02731177},
journal = {Advances in Space Research},
keywords = {1,Exploration,Moon,Robotics,from smart-1 to the,ical composition of the,ilewg,lunar exploration,lunar science,lunar science investigations include,moon,next steps of exploration,of geophysical processes,smart-1,studies of the chem-},
mendeley-tags = {Exploration,Moon,Robotics},
month = jul,
number = {2},
pages = {235--237},
title = {{Journey to the Moon: Recent results, science, future robotic and human exploration}},
url = {http://linkinghub.elsevier.com/retrieve/pii/S0273117708001646},
volume = {42},
year = {2008}
}
@article{Vergara2005,
author = {Vergara, A and Lorber, B and Sauter, C and Gieg\'{e}, R and Zagari, A},
journal = {Biophysical Chemistry },
number = {2-3},
pages = {1590--1595},
title = {{Lessons from crystals grown in the Advanced Protein Crystallisation Facility for conventional crystallisation applied to structural biology}},
volume = {118},
year = {2005}
}
@misc{NASA2010,
booktitle = {NASA History Division},
title = {{Long Duration Psychology}},
url = {http://history.nasa.gov/SP-4225/long-duration/long.htm},
year = {2010}
}
@article{BenguriaA1996,
author = {{Bengur\'{\i}a A} and {Grande E} and {de Juan E} and {Ugalde C} and {Miquel J} and {Garesse R} and {Marco R}},
journal = {Journal of Biotechnology},
keywords = {Aging,Cancer,Micrograviy},
mendeley-tags = {Aging,Cancer,Micrograviy},
number = {2-3},
pages = {191--201},
title = {{Microgravity effects on Drosophila melanogaster behavior and aging: Implications of the IML-2 experiment}},
url = {http://www.ncbi.nlm.nih.gov/pubmed/8987567},
volume = {47},
year = {1996}
}
@article{MarcoR1992,
author = {{Marco R} and {Gonz\'{a}lez-Jurado J} and {Calleja M} and {Garesse R} and {Maroto M} and {Ram\'{\i}rez E} and {Holgado MC} and {de Juan E} and {Miquel J}},
journal = {Advances in Space Research},
keywords = {Aging,Cancer,Micrograviy},
mendeley-tags = {Aging,Cancer,Micrograviy},
number = {1},
pages = {157--166},
title = {{Microgravity effects on Drosophila melanogaster development and aging: Comparative analysis of the results of the fly experiment in the Biokosmos 9 biosatellite flight}},
url = {http://www.ncbi.nlm.nih.gov/pubmed/11536953},
volume = {12},
year = {1992}
}
@article{Ssp2006,
author = {Ssp, I S U},
file = {::},
title = {{MiNI : From Tiny to Infinity}},
year = {2006}
}
@inproceedings{Mohammed2001,
author = {Mohammed, John L.},
booktitle = {Proceedings of the Fourteenth International Florida Artificial Intelligence Research Society Conference},
editor = {Russell, Ingrid and Kolen, John F.},
keywords = {Satellite,Swarms},
mendeley-tags = {Satellite,Swarms},
pages = {58--62},
publisher = {AAAI Press},
title = {{Mission Planning for a Formation-Flying Satellite Cluster}},
url = {http://portal.acm.org/citation.cfm?id=646814.708008},
year = {2001}
}
@misc{NASA2010a,
keywords = {Education,Outreach,Policy},
mendeley-tags = {Education,Outreach,Policy},
title = {{NASA's Science Mission Directorate (SMD) Education and Public Outreach program}},
url = {http://teachspacescience.org/cgi-bin/ssrtop.plex},
year = {2010}
}
@article{Neuritogenesis1994,
journal = {Advances in Space Research},
pages = {467--474},
title = {{Neuritogenesis: A model for space radiation effects on the central nervous system}},
volume = {14},
year = {1994}
}
@misc{SpaceMart,
booktitle = {Space Mart},
keywords = {Imaging,Infrared,Nanotechnology,Satellite},
mendeley-tags = {Imaging,Infrared,Nanotechnology,Satellite},
title = {{New Nanotech Discovery Could Lead To Breakthrough In Infrared Satellite Imaging}},
url = {http://www.spacemart.com/reports/New\_Nanotech\_Discovery\_Could\_Lead\_To\_Breakthrough\_In\_Infrared\_Satellite\_Imaging\_999.html},
year = {2010}
}
@misc{How2010b,
author = {How, Jonathan},
booktitle = {MIT},
keywords = {Orion,Spacecrafts},
mendeley-tags = {Orion,Spacecrafts},
title = {{Orion Flight Model Hardware}},
url = {http://www.mit.edu/people/jhow/orion/},
year = {2010}
}
@misc{Outreach2010,
keywords = {Outreach},
mendeley-tags = {Outreach},
title = {{Outreach to Space}},
url = {http://www.outreachtospace.org/},
year = {2010}
}
@article{Forrest2010,
author = {A.L. Forrest and Laval, B.E. and Lim, D.S.S. and Williams, D.R. and A.C. Trembanis and Marinova, M.M. and Shepard, R. and A.L. Brady and Slater, G.F. and Gernhardt, M.L.},
doi = {10.1016/j.pss.2009.08.007},
file = {::},
issn = {00320633},
journal = {Planetary and Space Science},
keywords = {DeepWorker,Exploration metrics,Human–robotic interface,Performance metrics,Remotely operated vehicle,autonomous underwater vehicle,human,robotic interface},
month = mar,
number = {4},
pages = {706--716},
publisher = {Elsevier},
title = {{Performance evaluation of underwater platforms in the context of space exploration}},
url = {http://linkinghub.elsevier.com/retrieve/pii/S0032063309002475},
volume = {58},
year = {2010}
}
@article{Zhou2008,
author = {Zhou, Y},
doi = {10.1016/j.spacepol.2008.06.002},
file = {::},
issn = {02659646},
journal = {Space Policy},
month = aug,
number = {3},
pages = {132--139},
title = {{Perspectives on Sino-US cooperation in civil space programs}},
url = {http://linkinghub.elsevier.com/retrieve/pii/S0265964608000404},
volume = {24},
year = {2008}
}
@article{Woodell2000,
author = {Woodell, M},
doi = {10.1016/S0265-9646(00)00009-6},
file = {::},
issn = {02659646},
journal = {Space Policy},
keywords = {Policy,advocacy role of scienti,c community,globalization,globalization of energy technology,policy,space-based energy technologies},
mendeley-tags = {Policy,globalization},
month = may,
number = {2},
pages = {93--97},
title = {{Power from space: the policy challenge}},
url = {http://linkinghub.elsevier.com/retrieve/pii/S0265964600000096},
volume = {16},
year = {2000}
}
@misc{How2010c,
author = {How, Jonathan P.},
booktitle = {MIT},
keywords = {Formation Flying,Navigation},
mendeley-tags = {Formation Flying,Navigation},
title = {{Relative Navigation for Formation Flying Spacecraft Using Carrier-Phase Differential GPS}},
url = {http://www.mit.edu/people/jhow/gps1.htm},
year = {2010}
}
@misc{Yang2009,
author = {Yang, Dongkai and Zhou, Yanan and Wang, Yan},
booktitle = {Inside GNSS},
keywords = {Data Mining,Data Processing,GNSS},
mendeley-tags = {Data Mining,Data Processing,GNSS},
pages = {40--45},
title = {{Remote Sensing with Reflected Signals: GNSS-R Data Processing Software and Test Analysis}},
url = {http://www.insidegnss.com/auto/sepoct09-Yang.pdf},
year = {2009}
}
@article{Curtis2010,
author = {Curtis, Jeremy and Harra, Louise and Zarnecki, John and Grady, Monica},
doi = {10.1016/j.spacepol.2010.03.007},
file = {::},
issn = {02659646},
journal = {Space Policy},
month = may,
number = {2},
pages = {113--116},
publisher = {Elsevier Ltd},
title = {{Reviewing UK space exploration}},
url = {http://linkinghub.elsevier.com/retrieve/pii/S0265964610000366},
volume = {26},
year = {2010}
}
@article{Tralli2005,
author = {Tralli, D and Blom, R and Zlotnicki, V and Donnellan, A and Evans, D},
doi = {10.1016/j.isprsjprs.2005.02.002},
file = {::},
issn = {09242716},
journal = {ISPRS Journal of Photogrammetry and Remote Sensing},
keywords = {Disaster,Remote Sensing,Satellite,decision support system,disaster response,dss,global positioning system,gps,imaging spectroscopy,insar,interferometric synthetic aperture radar,natural hazards,risk mitigation,satellite remote sensing},
mendeley-tags = {Disaster,Remote Sensing,Satellite},
month = jun,
number = {4},
pages = {185--198},
title = {{Satellite remote sensing of earthquake, volcano, flood, landslide and coastal inundation hazards}},
url = {http://linkinghub.elsevier.com/retrieve/pii/S0924271605000043},
volume = {59},
year = {2005}
}
@inproceedings{Kapfer2006,
author = {Kapfer, R. and Krumme, M. and Davis, M.E.},
booktitle = {Proceedings of IEEE Radar Conference},
keywords = {Radar},
mendeley-tags = {Radar},
pages = {8 pp},
publisher = {IEEE Press},
title = {{SBR sparse array performance with subarray orientation and timing errors}},
url = {http://dx.doi.org/10.1109/RADAR.2006.1631838},
year = {2006}
}
@misc{SpaceEd2010,
booktitle = {Space Education Initiatives},
keywords = {Education},
mendeley-tags = {Education},
title = {{SEi Announcements}},
url = {http://www.spaceed.org/},
year = {2010}
}
@article{Carter1981,
author = {Carter, W},
doi = {10.1016/0273-1177(81)90402-6},
file = {::},
issn = {02731177},
journal = {Advances in Space Research},
keywords = {Earth bound resource exploration,Satellite},
mendeley-tags = {Earth bound resource exploration,Satellite},
number = {10},
pages = {261--269},
title = {{Significant results from using earth observation satellites for mineral and energy resource exploration}},
url = {http://linkinghub.elsevier.com/retrieve/pii/0273117781904026},
volume = {1},
year = {1981}
}
@book{Dick2007,
address = {Washington, D.C.},
editor = {Dick, Steven J. and Launius, Roger D.},
keywords = {Societal Impact},
pages = {680},
publisher = {NASA},
title = {{Societal Impact of Spaceflight}},
year = {2007}
}
@misc{Cucinotta2001,
author = {Cucinotta, Francis A.},
pages = {55},
title = {{Space radiation cancer risk projections for exploration missions: uncertainty reduction and mitigation}},
url = {http://spaceflight.nasa.gov/shuttle/support/researching/radiation/marsrisk.pdf},
year = {2001}
}
@misc{King2002,
author = {King, Lyon B. and Parker, Gordon G. and Deshmukh, Satwik and Chong, Jer-Hong},
institution = {Michigan Technological University},
keywords = {Formation Flying,Swarms},
mendeley-tags = {Formation Flying,Swarms},
pages = {103},
title = {{Spacecraft Formation-flying using Inter-vehicle Coulomb Forces}},
url = {http://www.niac.usra.edu/files/studies/final\_report/601King.pdf},
year = {2002}
}
@inproceedings{Vigan2010,
address = {Barcelona},
author = {Vigan, M. C. and Toso, G. and Angeletti, P. and Lager, I. E. and Yarovoy, A. and Caratelli, D.},
booktitle = {4th European Conference on Antennas and Propagation (EuCAP 2010)},
keywords = {Antennas,Satellite},
mendeley-tags = {Antennas,Satellite},
title = {{Sparse Antenna Array for Earth-coverage Satellite Applications}},
year = {2010}
}
@article{Transportation2006,
file = {::},
journal = {Transportation},
title = {{Spinoff}},
year = {2006}
}
@article{Lafleur2010,
author = {Lafleur, Jarret M. and Saleh, Joseph H.},
doi = {10.1016/j.actaastro.2009.12.004},
file = {::},
issn = {00945765},
journal = {Acta Astronautica},
keywords = {Design,Exploration,Flexibility,Space exploration,System modification,Systems engineering},
mendeley-tags = {Design,Exploration,Systems engineering},
month = jul,
number = {1-2},
pages = {97--107},
publisher = {Elsevier},
title = {{Survey of intra- and inter-mission flexibility in space exploration systems}},
url = {http://linkinghub.elsevier.com/retrieve/pii/S0094576509005761},
volume = {67},
year = {2010}
}
@misc{MITSSL2010,
booktitle = {The MIT Space Systems Laboratory},
keywords = {Satellite},
mendeley-tags = {Satellite},
title = {{Synchronized Position Hold Engage and Reorient Experimental Satellites}},
url = {http://ssl.mit.edu/spheres/},
year = {2010}
}
@article{Chung2010,
author = {Chung, S.Y. and Ehrenfreund, P. and Rummel, J.D. and Peter, N.},
doi = {10.1016/j.asr.2009.10.025},
file = {::},
issn = {02731177},
journal = {Advances in Space Research},
keywords = {astrobiology,biodiversity,earth observation,international space cooperation,space exploration,space weather},
month = jan,
number = {1},
pages = {155--168},
publisher = {COSPAR},
title = {{Synergies of Earth science and space exploration}},
url = {http://linkinghub.elsevier.com/retrieve/pii/S0273117709006887},
volume = {45},
year = {2010}
}
@misc{MITSSL2010a,
booktitle = {Space Systems Laboratory - MIT},
keywords = {Satellite},
mendeley-tags = {Satellite},
title = {{Techsat 21 Project Pages}},
url = {http://ssl.mit.edu/overview/OpenHouse2001/DSS/OpenHouse2001\_DSS.pdf},
year = {2010}
}
@article{Yatabe1986,
author = {Yatabe, S.M. and Fabbri, A.G.},
doi = {10.1016/0098-3004(86)90070-1},
file = {::},
issn = {00983004},
journal = {Computers \& Geosciences},
keywords = {Data Mining,Exploration,Imaging,Remote Sensing,Satellite,canadian petroleum industry,data integration,exploration,image analysis,landsat,petroleum,remote sensing,spot-i},
mendeley-tags = {Data Mining,Exploration,Imaging,Remote Sensing,Satellite},
number = {4},
pages = {597--609},
title = {{The application of remote sensing to canadian petroleum exploration: promising and yet unexploited}},
url = {http://linkinghub.elsevier.com/retrieve/pii/0098300486900701},
volume = {12},
year = {1986}
}
@article{Gaugerb1986,
author = {Gaugerb, Grant E. and Tobiasb, Cornelius A. and Yangb, Tracy and Whitneyb, Monroe},
journal = {Advances in Space Research},
number = {11},
pages = {243--249},
title = {{The effect of space radiation on the nervous system}},
url = {http://www.sciencedirect.com/science?\_ob=ArticleURL\&\_udi=B6V3S-472BJ54-3F\&\_user=141903\&\_coverDate=12/31/1986\&\_rdoc=1\&\_fmt=high\&\_orig=search\&\_sort=d\&\_docanchor=\&view=c\&\_searchStrId=1410022796\&\_rerunOrigin=google\&\_acct=C000011778\&\_version=1\&\_urlVersion=0\&\_userid=141903\&md5=5829460965049b158942dadc85c3382d},
volume = {6},
year = {1986}
}
@article{Messina2005,
author = {Messina, P and Vennemann, D},
doi = {10.1016/j.actaastro.2005.03.020},
file = {::},
issn = {00945765},
journal = {Acta Astronautica},
month = jul,
number = {2-8},
pages = {156--160},
title = {{The European space exploration programme: Current status of ESA's plans for Moon and Mars exploration}},
url = {http://linkinghub.elsevier.com/retrieve/pii/S0094576505001116},
volume = {57},
year = {2005}
}
@article{Pyne2007,
author = {Pyne, S},
doi = {10.1016/j.spacepol.2007.06.006},
file = {::},
issn = {02659646},
journal = {Space Policy},
keywords = {Anatarctic Station,Biospheres,Closed loop},
mendeley-tags = {Anatarctic Station,Biospheres,Closed loop},
month = aug,
number = {3},
pages = {147--149},
title = {{The extraterrestrial Earth: Antarctica as analogue for space exploration}},
url = {http://linkinghub.elsevier.com/retrieve/pii/S0265964607000550},
volume = {23},
year = {2007}
}
@article{Launius2000,
author = {Launius, Roger D},
doi = {10.1016/S0265-9646(99)00055-7},
file = {::},
issn = {02659646},
journal = {Space Policy},
month = feb,
number = {1},
pages = {23--38},
title = {{The historical dimension of space exploration: reflections and possibilities}},
url = {http://linkinghub.elsevier.com/retrieve/pii/S0265964699000557},
volume = {16},
year = {2000}
}
@article{Crawford2001,
author = {Crawford, I},
doi = {10.1016/S0265-9646(01)00020-0},
file = {::},
issn = {02659646},
journal = {Space Policy},
month = aug,
number = {3},
pages = {155--159},
title = {{The scientific case for human space exploration}},
url = {http://linkinghub.elsevier.com/retrieve/pii/S0265964601000200},
volume = {17},
year = {2001}
}
@article{Avnet2006,
author = {Avnet, M},
doi = {10.1016/j.spacepol.2006.02.005},
file = {::},
issn = {02659646},
journal = {Space Policy},
keywords = {Exploration,Policy,Space Elevator},
mendeley-tags = {Exploration,Policy,Space Elevator},
month = may,
number = {2},
pages = {133--139},
title = {{The space elevator in the context of current space exploration policy}},
url = {http://linkinghub.elsevier.com/retrieve/pii/S026596460600021X},
volume = {22},
year = {2006}
}
@article{Stadd2004,
author = {Stadd, C and Bingham, J},
doi = {10.1016/j.spacepol.2004.08.001},
file = {::},
issn = {02659646},
journal = {Space Policy},
month = nov,
number = {4},
pages = {241--252},
title = {{The US civil space sector: alternate futures}},
url = {http://linkinghub.elsevier.com/retrieve/pii/S0265964604000542},
volume = {20},
year = {2004}
}
@article{Oliver2007,
author = {Oliver, C},
doi = {10.1016/j.actaastro.2007.01.062},
file = {::},
issn = {00945765},
journal = {Acta Astronautica},
keywords = {Education,Virtual Space},
mendeley-tags = {Education,Virtual Space},
month = jun,
number = {1-6},
pages = {548--552},
title = {{The virtual space exploration education portal}},
url = {http://linkinghub.elsevier.com/retrieve/pii/S0094576507000768},
volume = {61},
year = {2007}
}
@article{Horneck2010,
author = {Horneck, Gerda and Coradini, Angioletta and Haerendel, Gerhard and Kallenrode, May-Britt and Kamoun, Paul and Swings, Jean Pierre and Tobias, Alberto and Tortora, Jean-Jacques},
doi = {10.1016/j.spacepol.2010.02.007},
file = {::},
issn = {02659646},
journal = {Space Policy},
month = may,
number = {2},
pages = {109--112},
publisher = {Elsevier Ltd},
title = {{Towards a European vision for space exploration: Recommendations of the Space Advisory Group of the European Commission}},
url = {http://linkinghub.elsevier.com/retrieve/pii/S0265964610000238},
volume = {26},
year = {2010}
}
@article{Lester2009,
author = {Lester, Daniel F. and Robinson, Michael},
doi = {10.1016/j.spacepol.2009.07.001},
file = {::},
issn = {02659646},
journal = {Space Policy},
month = nov,
number = {4},
pages = {236--243},
publisher = {Elsevier Ltd},
title = {{Visions of exploration}},
url = {http://linkinghub.elsevier.com/retrieve/pii/S0265964609000691},
volume = {25},
year = {2009}
}
@article{Logsdon2008,
author = {Logsdon, J},
doi = {10.1016/j.spacepol.2007.11.007},
file = {::},
issn = {02659646},
journal = {Space Policy},
month = feb,
number = {1},
pages = {3--5},
title = {{Why space exploration should be a global project}},
url = {http://linkinghub.elsevier.com/retrieve/pii/S0265964607001178},
volume = {24},
year = {2008}
}
@misc{Cohen2007,
author = {Cohen, David},
booktitle = {New Scientist},
number = {2605},
pages = {34--41},
title = {{Earth's natural wealth: an audit}},
url = {http://environment.newscientist.com/channel/earth/mg19426051.200-earths-natural-wealth-an-audit.html},
volume = {May},
year = {2007}
}
@article{Gordon2006,
abstract = {The relative proportions of metal residing in ore in the lithosphere, in use in products providing services, and in waste deposits measure our progress from exclusive use of virgin ore toward full dependence on sustained use of recycled metal. In the U.S. at present, the copper contents of these three repositories are roughly equivalent, but metal in service continues to increase. Providing today's developed-country level of services for copper worldwide (as well as for zinc and, perhaps, platinum) would appear to require conversion of essentially all of the ore in the lithosphere to stock-in-use plus near-complete recycling of the metals from that point forward.},
author = {Gordon, R B and Bertram, M and Graedel, T E},
institution = {Department of Geology and Geophysics, Yale University, P.O. Box 208109, New Haven, CT 06511, USA.},
journal = {Proceedings of the National Academy of Sciences of the United States of America},
keywords = {Conservation of Natural Resources,Copper,Electronics,Lead,Manufactured Materials,Metals,Mining,Nickel,Photography,Platinum,Silver,Stainless Steel,Tin,Zinc,chemistry,economics},
number = {5},
pages = {1209--1214},
pmid = {16432205},
publisher = {National Acad Sciences},
title = {{Metal stocks and sustainability.}},
url = {http://www.ncbi.nlm.nih.gov/pubmed/16432205},
volume = {103},
year = {2006}
}
@misc{green-2010,
	author = {Womack, Ann M. and Bohannan, Brendan J. M. and Green, Jessica L.},
	howpublished = {Presented by Green at the British Academy in July 2010},
	title = {Biogeography of the air},
}
